%% Saved with string encoding Unicode (UTF-8) 



@techreport{s450-report,
    Author = {Peter Han and Xuechun Lu and Yuetong Liu and Yuting Wen},
    Title = {STAT 450 Project: Real Estate},
    Institution = {Department of Statistics, University of British Columbia},
    Year = {2020},
    File = {https://github.com/STAT450-550/RealEstate/blob/master/doc/450/RealEstate_2nd_report.pdf}
    }
    
@online{gitrepo,
  author = {Gian Carlo Di-Luvi and Mallory Flynn and Sophia Li and Vittorio Romaniello},
  title = {STAT450-550: Real Estate Consulting Project},
  year = 2020,
  url = {https://github.com/STAT450-550/RealEstate},
  urldate = {2020-04-13}
}


@Article{rfpack,
    title = {Classification and Regression by randomForest},
    author = {Andy Liaw and Matthew Wiener},
    journal = {R News},
    year = {2002},
    volume = {2},
    number = {3},
    pages = {18-22},
    url = {https://CRAN.R-project.org/doc/Rnews/}
    }

@Article{geopy,
    title = {Geopy 2.0},
    author = {Kostya Esmukov and  Mike Tigas},
    year={2018},
    url = {https://github.com/geopy/geopy}
    }
